<?xml version="1.0" encoding="UTF-8"?><collection xmlns="http://www.loc.gov/MARC21/slim"><record><leader>00414nam--2200133-i-4500</leader><controlfield tag="001">000005724</controlfield><controlfield tag="002">20161230</controlfield><controlfield tag="005">20161230201026</controlfield><controlfield tag="008">060222s1000------------r-----000-0-eng-d</controlfield><datafield ind1=" " ind2=" " tag="080"><subfield code="a">621.039.003</subfield></datafield><datafield ind1=" " ind2=" " tag="245"><subfield code="a">The seventh aecl symposium on atomic power held at chalk river, ontario sept. 18 and 19, 1961</subfield></datafield><datafield ind1=" " ind2=" " tag="260"><subfield code="a">Chalk River, Ontario, Atomic Energy Of Canada Limited, 1961 50 File</subfield></datafield><datafield ind1=" " ind2=" " tag="490"><subfield code="a">1318</subfield></datafield><datafield ind1=" " ind2=" " tag="852"><subfield code="a">26506</subfield></datafield></record></collection>